@patent{Leamond96a,
  title = "5,555,602",
  author = "Leamond",
  note = "Eraser assembly",
  year = "1996"
}

@patent{Copito92a,
  title = "5,127,130",
  author = "Copito",
  note = "Writing end eraser for a double acting mechanical pencil or erasable ink ball point pen",
  year = "1992"
}

@patent{Saleen90a,
  title = "4,899,419",
  author = "X. Saleen",
  note = "Pencil eraser assembly",
  year = "1990"
}

@article{Ando80a,
  title = "Testing {VLSI} with Random Access Scan",
  author = "H. Ando and A. Nother",
  journal = "Proc. COMPCON",
  month = "Feb.",
  year = "1980",
  pages = "50--52"
}
